02RETORNO01COBRANCA  00004000011043014000349572918                          755BANK OF AMERICA              000000000000    071220                                                                                                                                                                                                                                                                        000001
10207805990000184000011043014         11226                   00021872095000001217                        32020205210000008651                    121019000000001164200000000  0000000000000                                       00000000000000000000000000000000000000000000000020000000000000000   000000                                                                0000000000000000000000000000 000002
9 0000000000298800001500000000000000000000                                                                                                                                                                                                                                                                                                                                                                000003
